@article{benet2014ipfs,
  title={Ipfs-content addressed, versioned, p2p file system},
  author={Benet, Juan},
  journal={arXiv preprint arXiv:1407.3561},
  year={2014}
}
@article{buterin2014next,
  title={A next-generation smart contract and decentralized application platform},
  author={Buterin, Vitalik and others},
  journal={white paper},
  volume={3},
  number={37},
  pages={2--1},
  year={2014}
}
@article{gilliland2008setting,
  title={Setting the stage},
  author={Gilliland, Anne J},
  journal={Introduction to metadata},
  volume={2},
  number={1-19},
  pages={7},
  year={2008},
  publisher={Online Edition, Version}
}
@book{voigt2017gdpr,
  author  = {Paul Voigt and Axel von dem Bussche},
  title   = {The EU General Data Protection Regulation (GDPR): A Practical Guide},
  year    = {2017},
  doi     = {10.1007/978-3-658-13399-0},
  isbn    = {978-3-658-13398-3},
  publisher = {Springer},
  address = {Wiesbaden, Germany},
  note    = {Practical guide to GDPR compliance}
}
@article{king2012ppcoin,
  title={Ppcoin: Peer-to-peer crypto-currency with proof-of-stake},
  author={King, Sunny and Nadal, Scott},
  journal={self-published paper, August},
  volume={19},
  number={1},
  year={2012}
}
@inproceedings{maymounkov2002kademlia,
  title={Kademlia: A peer-to-peer information system based on the xor metric},
  author={Maymounkov, Petar and Mazieres, David},
  booktitle={International workshop on peer-to-peer systems},
  pages={53--65},
  year={2002},
  organization={Springer}
}
@article{korvze2017protecting,
  title={Protecting personal data in the context of interoperability among organizations for protection and rescue},
  author={Kor{\v{z}}e, Branko and {\v{C}}ertanec, Ana},
  journal={International Data Privacy Law},
  volume={7},
  number={4},
  pages={303--313},
  year={2017},
  publisher={Oxford University Press}
}
@article{vogels2008eventually,
  title={Eventually Consistent: Building reliable distributed systems at a worldwide scale demands trade-offs? between consistency and availability.},
  author={Vogels, Werner},
  journal={Queue},
  volume={6},
  number={6},
  pages={14--19},
  year={2008},
  publisher={ACM New York, NY, USA}
}
@book{antonopoulos2023mastering,
  title={Mastering Bitcoin: Programming the open blockchain},
  author={Antonopoulos, Andreas M and Harding, David A},
  year={2023},
  publisher={" O'Reilly Media, Inc."}
}
@book{coulouris2011,
  author    = {George Coulouris and Jean Dollimore and Tim Kindberg and Gordon Blair},
  title     = {Distributed Systems: Concepts and Design},
  edition   = {5},
  year      = {2011},
  publisher = {Addison-Wesley},
  address   = {Boston, MA, USA},
  isbn      = {978-0132143011},
  note      = {Fifth Edition}
}
@incollection{diffie2022new,
  title={New directions in cryptography},
  author={Diffie, Whitfield and Hellman, Martin E},
  booktitle={Democratizing Cryptography: The Work of Whitfield Diffie and Martin Hellman},
  pages={365--390},
  year={2022}
}
@book{fielding2000architectural,
  title={Architectural styles and the design of network-based software architectures},
  author={Fielding, Roy Thomas},
  year={2000},
  publisher={University of California, Irvine}
}
@article{nakamoto2008bitcoin,
  title={Bitcoin: A peer-to-peer electronic cash system},
  author={Nakamoto, Satoshi},
  year={2008}
}
@article{rivest1978method,
  title={A method for obtaining digital signatures and public-key cryptosystems},
  author={Rivest, Ronald L and Shamir, Adi and Adleman, Leonard},
  journal={Communications of the ACM},
  volume={21},
  number={2},
  pages={120--126},
  year={1978},
  publisher={ACM New York, NY, USA}
}
@book{schneier2007applied,
  title={Applied cryptography: protocols, algorithms, and source code in C},
  author={Schneier, Bruce},
  year={2007},
  publisher={john wiley \& sons}
}
@book{swan2015blockchain,
  title={Blockchain: Blueprint for a new economy},
  author={Swan, Melanie},
  year={2015},
  publisher={" O'Reilly Media, Inc."}
}
@article{balcerzak2022blockchain,
  title={Blockchain technology and smart contracts in decentralized governance systems},
  author={Balcerzak, Adam P and Nica, Elvira and Rogalska, El{\.z}bieta and Poliak, Milo{\v{s}} and Klie{\v{s}}tik, Tom{\'a}{\v{s}} and Sabie, Oana-Matilda},
  journal={Administrative Sciences},
  volume={12},
  number={3},
  pages={96},
  year={2022},
  publisher={MDPI}
}
@article{thanasas2025enhancing,
  title={Enhancing Transparency and Efficiency in Auditing and Regulatory Compliance with Disruptive Technologies},
  author={Thanasas, Georgios L and Kampiotis, Georgios and Karkantzou, Aikaterini},
  journal={Theoretical Economics Letters},
  volume={15},
  number={1},
  pages={214--233},
  year={2025},
  publisher={Scientific Research Publishing}
}
@article{tan2022blockchain,
  title={Blockchain governance in the public sector: A conceptual framework for public management},
  author={Tan, Evrim and Mahula, Stanislav and Crompvoets, Joep},
  journal={Government Information Quarterly},
  volume={39},
  number={1},
  pages={101625},
  year={2022},
  publisher={Elsevier}
}
@article{capocasale2023comparative,
  title={Comparative analysis of permissioned blockchain frameworks for industrial applications},
  author={Capocasale, Vittorio and Gotta, Danilo and Perboli, Guido},
  journal={Blockchain: Research and Applications},
  volume={4},
  number={1},
  pages={100113},
  year={2023},
  publisher={Elsevier}
}
@article{dutta2023solution,
  title={A solution to blockchain smart contract based parametric transport and logistics insurance},
  author={Dutta, Hiren and Nagesh, Saurabh and Talluri, Jawahar and Bhaumik, Parama},
  journal={IEEE Transactions on Services Computing},
  volume={16},
  number={5},
  pages={3155--3167},
  year={2023},
  publisher={IEEE}
}
@book{vanSteen2017,
  author    = {Maarten van Steen and Andrew S. Tanenbaum},
  title     = {Sistemas Distribuidos},
  edition   = {3},
  year      = {2017},
  publisher = {distributed-systems.net},
  address   = {Amsterdam, The Netherlands},
  url       = {https://www.distributed-systems.net/index.php/books/ds3/},
  note      = {Traducci√≥n de Distributed Systems, 3rd edition}
}
@article{hrytsai2023digitization,
  title={Digitization of government as a global trend of the future: implementation of the "electronic state" policy (on the example of Ukraine)},
  author={Hrytsai, Serhii},
  journal={Reality of Politics. Estimates-Comments-Forecasts},
  volume={24},
  number={2},
  pages={45--81},
  year={2023},
  publisher={Wydawnictwo Adam Marsza{\l}ek}
}
@inproceedings{llambias2019towards,
  title={Towards a requirement-driven identification and selection process for blockchain platforms},
  author={Llamb{\'\i}as, Guzm{\'a}n and Barreiro, Javier and Villar, Paula and Toscano, Marcos and Pereira, Mauricio and Gonz{\'a}lez, Laura},
  booktitle={2019 XLV Latin American Computing Conference (CLEI)},
  pages={1--10},
  year={2019},
  organization={IEEE}
}
@article{adel2023decentralized,
  title={Decentralized system for construction projects data management using blockchain and IPFS},
  author={Adel, Kareem and Elhakeem, Ahmed and Marzouk, Mohamed},
  journal={Journal of Civil Engineering and Management},
  volume={29},
  number={4},
  pages={342--359},
  year={2023}
}
@article{mishra2024integration,
  title={Integration of Blockchain and IPFS: healthcare data management \& sharing for IoT Environment},
  author={Mishra, Rajiv Kumar and Yadav, Rajesh Kumar and Nath, Prem},
  journal={Multimedia Tools and Applications},
  pages={1--22},
  year={2024},
  publisher={Springer}
}
@inproceedings{yousfi2022its,
  title={ITS Traffic Violation Regulation Based on Blockchain Smart Contracts},
  author={Yousfi, Nihed and Kmimech, Mourad and Abbassi, Imed and Hamdi, Hedi and Graiet, Mohamed},
  booktitle={International Conference on Computational Collective Intelligence},
  pages={459--471},
  year={2022},
  organization={Springer}
}
@article{chen2024blockchain,
  author    = {Chen, Chin-Ling and Tu, Cheng-Yang and Deng, Yong-Yuan and Huang, Der-Chen and Liu, Ling-Chun and Chen, Hsing-Chung},
  title     = {Blockchain-enabled transparent traffic enforcement for sustainable road safety in cities},
  journal   = {Sustainable Cities: Smart Technologies and Cities},
  volume    = {6},
  pages     = {1426036},
  year      = {2024},
  doi       = {10.3389/frsc.2024.1426036}
}
@article{tarek2019traffic,
  title={Traffic Violations Management System Using Blockchain Technology},
  author={Tarek, Zahraa and AL-Rahmawy, Mohamed and Tolba, AS},
  journal={Mansoura Journal for Computer and Information Sciences},
  volume={15},
  number={2},
  pages={45--55},
  year={2019},
  publisher={Mansoura University, Faculty of Computer and Information Sciences}
}
@article{loor2025blockchain,
  title={Blockchain aplicado a servicios gubernamentales: revisi{\'o}n sistem{\'a}tica de la literatura},
  author={Loor, Johnny Fabricio Rezabala and Cevallos, Roberth Abel Alc{\'\i}var},
  journal={Revista Cient{\'\i}fica de Inform{\'a}tica ENCRIPTAR-ISSN: 2737-6389.},
  volume={8},
  number={15},
  pages={217--244},
  year={2025}
}
@article{zheng2018blockchain,
  title={Blockchain challenges and opportunities: A survey},
  author={Zheng, Zibin and Xie, Shaoan and Dai, Hong-Ning and Chen, Xiangping and Wang, Huaimin},
  journal={International journal of web and grid services},
  volume={14},
  number={4},
  pages={352--375},
  year={2018},
  publisher={Inderscience Publishers (IEL)}
}
@inproceedings{li2021overview,
  title={An overview of blockchain technology: applications, challenges and future trends},
  author={Li, Wenzheng and He, Mingsheng and Haiquan, Sang},
  booktitle={2021 IEEE 11th International Conference on Electronics Information and Emergency Communication (ICEIEC) 2021 IEEE 11th International Conference on Electronics Information and Emergency Communication (ICEIEC)},
  pages={31--39},
  year={2021},
  organization={IEEE}
}
@inproceedings{Meroni2023EditorialBF,
  title={Editorial: Blockchain for trusted information systems},
  author={Giovanni Meroni and Marco Comuzzi and Julius K{\"o}pke},
  booktitle={Frontiers in Blockchain},
  year={2023},
  url={https://api.semanticscholar.org/CorpusID:259190628}
}
@article{ManiJosephP2023SmartAS,
  title={Smart and Secure Blockchain Structure to Track Vehicle Record-keeping in the Sultanate of Oman},
  author={Et al. Mani Joseph P},
  journal={International Journal on Recent and Innovation Trends in Computing and Communication},
  year={2023},
  url={https://api.semanticscholar.org/CorpusID:267330775}
}
@inproceedings{2021BookDS,
  title={Book Distributed Systems},
  author={},
  year={2021},
  url={https://api.semanticscholar.org/CorpusID:237511168}
}
@book{katz2020introduction,
  title={Introduction to Modern Cryptography},
  author={Katz, Jonathan and Lindell, Yehuda},
  edition={3},
  year={2020},
  publisher={CRC Press},
  address={Boca Raton, FL}
}
@misc{supertransporte2021,
  author       = {{Superintendencia de Transporte}},
  title        = {ABC para la gesti√≥n de procesos sancionatorios derivados de la detecci√≥n de infracciones de tr√°nsito mediante Sistemas autom√°ticos},
  year         = {2021},
  howpublished = {\url{https://www.supertransporte.gov.co/documentos/2021/Marzo/Comunicaciones_30/ABC-fotodeteccion.pdf}}
}
@misc{mintransporte2023,
  author       = {{Ministerio de Transporte de Colombia}},
  title        = {ABC de las 'fotomultas'},
  year         = {2023},
  month        = {6},
  howpublished = {\url{https://mintransporte.gov.co/publicaciones/5683/abc-de-las-fotomultas/}}
}
@misc{secretaria_movilidad2023,
  author       = {{Secretar√≠a Distrital de Movilidad}},
  title        = {Secretar√≠a de Movilidad aclara informaci√≥n sobre imposici√≥n de comparendos y procesos contravencionales y sancionatorios},
  year         = {2023},
  month        = {2},
  howpublished = {\url{https://www.movilidadbogota.gov.co/web/Noticia/secretaria_de_movilidad_aclara_informacion_sobre_imposicion_de_comparendos_y_procesos}},
}
@misc{sdm2023auditoria,
  author       = {{Secretar√≠a Distrital de Movilidad}},
  title        = {Auditor√≠a de Cumplimiento Secretar√≠a Distrital de Movilidad ‚Äì SDM},
  year         = {2023},
  month        = {octubre},
  howpublished = {\url{https://www.movilidadbogota.gov.co/web/sites/default/files/Paginas/09-11-2023/informe_final_ac_sdm_90.pdf}},
}
@misc{sdm2023camaras,
  author       = {{Secretar√≠a Distrital de Movilidad}},
  title        = {¬øC√≥mo identificar si una c√°mara de detecci√≥n electr√≥nica se encuentra autorizada?},
  year         = {2023},
  month        = {2},
  howpublished = {\url{https://www.movilidadbogota.gov.co/web/preguntas_frecuentes/como_identificar_si_una_camara_de_deteccion_electronica_se_encuentra_autorizada}},
}
@misc{ley1842017,
  author       = {{Congreso de la Rep√∫blica de Colombia}},
  title        = {Ley 184 de 2017},
  subtitle     = {Por medio de la cual se regula la instalaci√≥n y puesta en marcha de sistemas autom√°ticos, semiautom√°ticos y otros medios tecnol√≥gicos para la detecci√≥n de infracciones y se dictan otras disposiciones},
  year         = {2017},
  date         = {2017-05-18},
  howpublished = {Diario Oficial No. 50.238},
  url          = {http://www.suin-juriscol.gov.co/viewDocument.asp?id=30030416},
  note         = {Accedido: 28 de abril de 2025}
}
@misc{resolucion2020,
  author       = {{Alcald√≠a de Bogot√°}},
  title        = {Resoluci√≥n 20203040011245},
  subtitle     = {Por la cual se establecen los criterios t√©cnicos de seguridad vial para la instalaci√≥n y operaci√≥n de los sistemas autom√°ticos, semiautom√°ticos y otros medios tecnol√≥gicos para la detecci√≥n de presuntas infracciones al tr√°nsito y se dictan otras disposiciones},
  year         = {2020},
  date         = {2020-08-18},
  howpublished = {\url{https://www.alcaldiabogota.gov.co/sisjur/normas/Norma1.jsp?i=96272}},
  note         = {Accedido: 28 de abril de 2025}
}
@misc{datos_simit2025,
  author       = {{Funci√≥n P√∫blica - Datos Colombia}},
  title        = {Historial de Multas reportados en el SIMIT-FCM},
  year         = {2025},
  howpublished = {\url{https://www.datos.gov.co/Funci-n-p-blica/Historial-de-Multas-reportados-en-el-SIMIT-FCM/72nf-y4v3/data_preview}},
  note         = {Accedido: 28 de abril de 2025}
}
@bachelorsthesis{AnandSingh_ProjectReport_Year,
  author    = {Anand, Tejas and Singh, Vaishnavi},
  title     = {Traffic Violation Detection Using Blockchain},
  school    = {jaypee university of information technology},
  year      = {2024},
  type      = {Major Project Report, Bachelor of Technology in Computer Science \& Engineering / Information Technology},
  address   = {Waknaghat, India},
  note      = {Submitted in partial fulfillment of the requirements for the Bachelor of Technology degree. Student IDs: Tejas Anand (201504), Vaishnavi Singh (201533).}
}
@inproceedings{vukolic2015quest,
  author    = {Marko Vukoli{\'c}},
  title     = {The Quest for Scalable Blockchain Fabric: Proof-of-Work vs. BFT Replication},
  booktitle = {Open Problems in Network Security (iNetSec)},
  year      = {2015},
  publisher = {Springer},
  series    = {Lecture Notes in Computer Science},
  volume    = {9591},
  pages     = {112--125},
  doi       = {10.1007/978-3-319-39028-4_9},
  url       = {https://doi.org/10.1007/978-3-319-39028-4_9}
}
@article{cachin2018architecture,
  author  = {Christian Cachin},
  title   = {Architecture of the Hyperledger Blockchain Fabric},
  journal = {arXiv preprint arXiv:1801.10228},
  year    = {2018},
  url     = {https://arxiv.org/abs/1801.10228},
  note    = {Accessed: YYYY-MM-DD}
}
@article{xu2019taxonomy,
  author  = {Xu, Xiwei and Weber, Ingo and Staples, Mark and Zhu, Liming and Bosch, Jan and Bass, Len and Pautasso, Cesare and Rimba, Paul},
  title   = {A Taxonomy of Blockchain-Based Systems for Architecture Design},
  journal = {IEEE Transactions on Software Engineering},
  year    = {2019},
  volume  = {47},
  number  = {1},
  pages   = {1--19},
  doi     = {10.1109/TSE.2019.2946175},
  url     = {https://doi.org/10.1109/TSE.2019.2946175}
}
@book{narayanan2016bitcoin,
  author    = {Arvind Narayanan and Joseph Bonneau and Edward Felten and Andrew Miller and Steven Goldfeder},
  title     = {Bitcoin and Cryptocurrency Technologies: A Comprehensive Introduction},
  year      = {2016},
  publisher = {Princeton University Press},
  address   = {Princeton, NJ, USA},
  isbn      = {978-0691171692},
  url       = {https://press.princeton.edu/books/hardcover/9780691171692/bitcoin-and-cryptocurrency-technologies}
}
@techreport{ukgov2016dlt,
  author      = {{UK Government Office for Science}},
  title       = {Distributed Ledger Technology: Beyond Block Chain},
  year        = {2016},
  institution = {UK Government Office for Science},
  address     = {London, United Kingdom},
  url         = {https://www.gov.uk/government/publications/distributed-ledger-technology-blackett-review},
  note        = {Chief Scientific Adviser Report}
}

@book{menezes1996handbook,
  author    = {Alfred J. Menezes and Paul C. van Oorschot and Scott A. Vanstone},
  title     = {Handbook of Applied Cryptography},
  year      = {1996},
  publisher = {CRC Press},
  address   = {Boca Raton, FL, USA},
  isbn      = {978-0849385230},
  url       = {http://cacr.uwaterloo.ca/hac/}
}
@misc{szabo1997smart,
  author    = {Nick Szabo},
  title     = {The Idea of Smart Contracts},
  year      = {1997},
  howpublished = {\url{https://www.fon.hum.uva.nl/rob/Courses/InformationInSpeech/CDROM/Literature/LOTwinterschool2006/szabo.best.vwh.net/smart_contracts_idea.html}},
  note      = {Accessed: 2025-05-07}
}
@techreport{wood2014ethereum,
  author      = {Gavin Wood},
  title       = {Ethereum: A Secure Decentralised Generalised Transaction Ledger},
  institution = {Ethereum Project},
  year        = {2014},
  number      = {EIP-150 revision 2e819d},
  url         = {https://ethereum.github.io/yellowpaper/paper.pdf},
  note        = {Ethereum Yellow Paper}
}
@misc{SDMComparendos,
  author    = {{Secretar√≠a Distrital de Movilidad}},
  title     = {Consulta de comparendos},
  year      = {2025},
  url       = {https://www.movilidadbogota.gov.co/web/consulta_de_comparendos},
  note      = {P√°gina oficial del gobierno de Bogot√° para la consulta de comparendos. Recuperado el 26 de junio de 2025}
}
@misc{ObservatorioComparendos2025,
  author       = {{Observatorio de Movilidad de Bogot√°, Secretar√≠a Distrital de Movilidad}},
  title        = {Comparendos},
  year         = {2025},
  howpublished = {\url{https://observatorio.movilidadbogota.gov.co/movilidad-en-cifras/comparendos}},
  note         = {Datos actualizados diariamente desde 2018. Recuperado el 26 de junio de 2025},
}
@misc{resolucionFenix,
  title = {Resoluci√≥n No. 133200 de 2023},
  howpublished = {\url{https://www.movilidadbogota.gov.co/web/sites/default/files/Paginas/14-06-2023/resolucion_no_133200_0.pdf}},
  note = {Secretar√≠a Distrital de Movilidad de Bogot√°}
}

@online{blogAletta,
  author = {{Aletta Legal}},
  title = {El oscuro secreto de borrar comparendos ilegalmente},
  year = {2023},
  url = {https://aletta.com.co/blog/el-oscuro-secreto-de-borrar-comparendos-ilegalmente-consecuencias-impactantes-de-evitar-el-proceso/}
}

@online{procuraduriaBucaramanga,
  title = {Presunta corrupci√≥n por comparendos: Procuradur√≠a indaga funcionarios en Bucaramanga},
  year = {2023},
  url = {https://www.procuraduria.gov.co/Pages/presunta-corrupcion-comparendos-procuraduria-indaga-funcionarios-transito-bucaramanga.aspx}
}

@misc{auditoriaSDM,
  title = {Informe Final de Auditor√≠a AC-SDM-090 de 2023},
  howpublished = {\url{https://www.movilidadbogota.gov.co/web/sites/default/files/Paginas/09-11-2023/informe_final_ac_sdm_90.pdf}},
  note = {Secretar√≠a Distrital de Movilidad}
}

@misc{sdm_comparendos2023,
  author       = {{Secretar√≠a Distrital de Movilidad}},
  title        = {Secretar√≠a de Movilidad aclara informaci√≥n sobre imposici√≥n de comparendos y procesos contravencionales y sancionatorios},
  year         = {2023},
  month        = {2},
  day          = {16},
  url          = {https://www.movilidadbogota.gov.co/web/Noticia/secretaria_de_movilidad_aclara_informacion_sobre_imposicion_de_comparendos_y_procesos},
  note         = {Consultado en junio de 2025}
}

@misc{sdm_camaras2023,
  author       = {{Secretar√≠a Distrital de Movilidad}},
  title        = {¬øC√≥mo identificar si una c√°mara de detecci√≥n electr√≥nica se encuentra autorizada?},
  year         = {2023},
  month        = {2},
  day          = {10},
  url          = {https://www.movilidadbogota.gov.co/web/preguntas_frecuentes/como_identificar_si_una_camara_de_deteccion_electronica_se_encuentra_autorizada},
  note         = {Consultado en junio de 2025}
}

@misc{ley1843,
  author       = {{Congreso de Colombia}},
  title        = {Ley 1843 de 2017},
  subtitle     = {Por medio de la cual se regula la instalaci√≥n y puesta en marcha de sistemas autom√°ticos, semiautom√°ticos y otros medios tecnol√≥gicos para la detecci√≥n de infracciones y se dictan otras disposiciones},
  year         = {2017},
  month        = {5},
  day          = {18},
  note         = {Diario Oficial No. 50.238},
  url          = {http://www.suin-juriscol.gov.co/viewDocument.asp?id=30030416}
}

@misc{resolucion11245,
  author       = {{Ministerio de Transporte de Colombia}},
  title        = {Resoluci√≥n 20203040011245 de 2020},
  subtitle     = {Por la cual se establecen los criterios t√©cnicos de seguridad vial para la instalaci√≥n y operaci√≥n de los sistemas autom√°ticos, semiautom√°ticos y otros medios tecnol√≥gicos para la detecci√≥n de presuntas infracciones al tr√°nsito y se dictan otras disposiciones},
  year         = {2020},
  month        = {8},
  day          = {18},
  url          = {https://www.alcaldiabogota.gov.co/sisjur/normas/Norma1.jsp?i=96272},
  note         = {Consultado en junio de 2025}
}

@article{choquevilca2024blockchain,
  author    = {Choquevilca Quispe, Jhon Frank and Morales Valencia, Cristhian Daniel},
  title     = {Blockchain e IPFS en la gesti√≥n de infracciones de tr√°nsito: una propuesta basada en contratos inteligentes},
  journal   = {Revista de Investigaci√≥n en Tecnolog√≠as Emergentes},
  year      = {2024},
  volume    = {11},
  number    = {2},
  pages     = {22--39},
  publisher = {Universidad Nacional Mayor de San Marcos},
  note      = {ISSN: 2519-7122},
  url       = {https://revistas.unmsm.edu.pe/index.php/rite/article/view/27454}
}
@article{omar2024srtm,
  author    = {Omar, Mohamed Hasan and Taj{-}Eddin, Islam and Omar, Nagwa and Ibrahim, Hosny},
  title     = {SECURE ROAD TRAFFIC MANAGEMENT (SRTM) SYSTEM FOR TRAFFIC VIOLATION DETECTION AND RECORDING USING BLOCKCHAIN TECHNOLOGY},
  journal   = {Journal of Southwest Jiaotong University},
  volume    = {59},
  number    = {2},
  year      = {2024},
  issn      = {0258-2724},
  doi       = {10.35741/issn.0258-2724.59.2.1},
  url       = {https://doi.org/10.35741/issn.0258-2724.59.2.1},
  abstract  = {Propuesta de un sistema seguro de gesti√≥n de infracciones de tr√°nsito usando IoT y blockchain, integrando deep learning para detecci√≥n de matr√≠culas y violaciones, con almacenamiento en Ethereum testnet para asegurar integridad y resistencia a manipulaciones},
}
@misc{juit2024traffic,
  author       = {{JUIT Research Group}},
  title        = {Traffic Violation Detection using Blockchain},
  howpublished = {Informe t√©cnico, Universidad JUIT},
  year         = {2024},
  note         = {Disponible en l√≠nea: \url{http://www.ir.juit.ac.in:8080/jspui/bitstream/123456789/11502/1/Traffic\%20Violation\%20Detection\%20using\%20Blockchain.pdf}}
}
@article{rezabala2025blockchain,
  author    = {Rezabala Loor, Johnny Fabricio and Alc{\'\i}var Cevallos, Roberth Abel},
  title     = {Blockchain aplicado a servicios gubernamentales: revisi√≥n sistem√°tica de la literatura},
  journal   = {Revista Cient{\'\i}fica de Inform{\'a}tica ENCRIPTAR},
  volume    = {8},
  number    = {15},
  pages     = {217--244},
  year      = {2025},
  issn      = {2737-6389},
  doi       = {10.56124/encriptar.v8i15.012},
  url       = {https://publicacionescd.uleam.edu.ec/index.php/encriptar/article/view/1288},
}
@online{barbaro2011ticketfixing,
  author    = {Michael Barbaro},
  title     = {Big Inquiry Into Ticket-Fixing in New York},
  year      = {2011},
  url       = {https://www.nytimes.com/2011/04/18/nyregion/ticket-fixing-by-police-investigated-in-new-york.html},
  note      = {The New York Times, April 17},
}